<record><leader>00000cas a2200000Ma 4500</leader><controlfield tag="001">11086354</controlfield><controlfield tag="008">840824d18491854nhuwr ne      0    0eng d</controlfield><datafield ind1=" " ind2=" " tag="010"><subfield code="a">sn 84037866 </subfield></datafield><datafield ind1=" " ind2=" " tag="040"><subfield code="a">AQM</subfield><subfield code="b">eng</subfield><subfield code="c">AQM</subfield><subfield code="d">OCLCQ</subfield></datafield><datafield ind1="0" ind2="0" tag="245"><subfield code="a">Contoocook transcript.</subfield></datafield><datafield ind1=" " ind2=" " tag="260"><subfield code="a">Peterborough, N.H. :</subfield><subfield code="b">Miller &amp; Scott</subfield></datafield><datafield ind1=" " ind2=" " tag="300"><subfield code="a">v.</subfield></datafield><datafield ind1=" " ind2=" " tag="310"><subfield code="a">Weekly</subfield></datafield><datafield ind1="1" ind2=" " tag="362"><subfield code="a">Began with June 2, 1849 iisue.</subfield><subfield code="z">Cf. Amer. newspapers, 1821-1936.</subfield></datafield><datafield ind1="1" ind2=" " tag="362"><subfield code="a">Ceased in May 1854.</subfield><subfield code="z">Cf. Morison, G.A. Hist. of Peterborough, v. 1.</subfield></datafield><datafield ind1=" " ind2=" " tag="588"><subfield code="a">Description based on: Vol. 1, no. 4 (June 23, 1849).</subfield></datafield><datafield ind1=" " ind2="7" tag="655"><subfield code="a">Newspapers.</subfield><subfield code="2">rbgenr</subfield></datafield><datafield ind1=" " ind2=" " tag="752"><subfield code="a">United States</subfield><subfield code="b">New Hampshire</subfield><subfield code="c">Hillsboro</subfield><subfield code="d">Peterborough.</subfield></datafield><datafield ind1="0" ind2="0" tag="785"><subfield code="t">Peterborough transcript</subfield><subfield code="w">(DLC)sn 84037867</subfield></datafield></record>